<?xml version="1.0" encoding="UTF-8"?><collection><record><leader>06816ntm a2200697 a 4500</leader><controlfield tag="001">006492312</controlfield><controlfield tag="003">MiAaHDL</controlfield><controlfield tag="005">20190719000000.0</controlfield><controlfield tag="006">m        d        </controlfield><controlfield tag="007">cr bn ---auaua</controlfield><controlfield tag="008">090428s1702    xx            00| ||ara d</controlfield><datafield tag="035" ind1=" " ind2=" "><subfield code="a">(MiU)006492312</subfield></datafield><datafield tag="035" ind1=" " ind2=" "><subfield code="a">sdr-miu006492312</subfield></datafield><datafield tag="040" ind1=" " ind2=" "><subfield code="a">MiU</subfield><subfield code="c">MiU</subfield><subfield code="e">amremm</subfield></datafield><datafield tag="043" ind1=" " ind2=" "><subfield code="a">n-us-mi</subfield></datafield><datafield tag="100" ind1="1" ind2=" "><subfield code="6">880-01</subfield><subfield code="a">ʻIṣām al-Asfarāyīnī, Ibrāhīm ibn Muḥammad,</subfield><subfield code="d">1468 or 1469-1538 or 1539.</subfield></datafield><datafield tag="245" ind1="1" ind2="0"><subfield code="6">880-03</subfield><subfield code="a">[ʻIṣām al-Dīn ʻalá al-Waḍʻīyah ... etc.,</subfield><subfield code="f">1113, i.e. 1702].</subfield></datafield><datafield tag="260" ind1=" " ind2=" "><subfield code="c">[1702]</subfield></datafield><datafield tag="300" ind1=" " ind2=" "><subfield code="a">62 leaves :</subfield><subfield code="b">paper ;</subfield><subfield code="c">213 x 142 (149-155 x 61-85) mm.</subfield></datafield><datafield tag="500" ind1=" " ind2=" "><subfield code="a">Shelfmark: Ann Arbor, University of Michigan, Special Collections Library, Isl. Ms. 109</subfield></datafield><datafield tag="500" ind1=" " ind2=" "><subfield code="a">Origin: As appears in colophon on p.114, transcription of the sharḥ by ʻAlī al-Qūshjī completed 3 Dhū al-Ḥijjah 1113 [ca. 1 May 1702] ; paper suggests that other works were copied around the same time, even late 17th century.</subfield></datafield><datafield tag="500" ind1=" " ind2=" "><subfield code="a">Accompanying materials: Inserted slip bearing glosses (paginated pp.3-4).</subfield></datafield><datafield tag="500" ind1=" " ind2=" "><subfield code="a">Former shelfmark: British Museum, London "No. 61. Two commentaries on Al-Risalat al-wadiyah."</subfield></datafield><datafield tag="500" ind1=" " ind2=" "><subfield code="a">Binding: Pasteboards (very thin, semi-limp) covered in marbled paper (mainly in white and shades of blue) with brown leather over spine and edges/turn-ins (marbled paper faced, leather edged, framed binding) ; Type III binding (without flap) ; board linings in European laid paper ; sewn in light pink thread, four and two stations ; overall in fair condition with significant abrasion, lifting and losses of paper and leather, delamination of boards, etc.</subfield></datafield><datafield tag="500" ind1=" " ind2=" "><subfield code="a">Support: European laid paper in a few different types ; text of first work on type with 12 laid lines per cm. (vertical), chain lines spaced 28 mm. apart (horizontal), and watermark of flower on stem with leaves ; next work on another type with laid lines spaced 7-8 laid lines per cm. (vertical), chain lines spaced 28 mm. apart (horizontal), and three crescents watermark ; final works on still another type with 14 laid lines per cm. (vertical), chain lines spaced 20 mm. apart (horizontal), and watermark of bar carrying name/initials with grapes ; all types well-burnished.</subfield></datafield><datafield tag="500" ind1=" " ind2=" "><subfield code="a">Decoration: Abbreviation symbols and keywords rubricated ; overlining in red ; text of the sharḥ by ʻAlī al-Qushjī surrounded by frame consisting of a gold band flanked by black fillets.</subfield></datafield><datafield tag="500" ind1=" " ind2=" "><subfield code="a">Script: Naskh and naskh-nastaʻlīq ; at least three different hands ; all virtually serifless with elongation of horizontal strokes ; naskh freely ligatured with mainly closed counters, final yāʼ and alif maqṣūrah mardūdah, and pointing in curved lines rather than distinct dots ; naskh-nastaʻlīq shows slight effect of words descending to baseline and letterforms characteristic of nastaʻlīq.</subfield></datafield><datafield tag="500" ind1=" " ind2=" "><subfield code="a">Layout: Written in 15, 21 and 25 lines per page ; frame-ruled.</subfield></datafield><datafield tag="500" ind1=" " ind2=" "><subfield code="a">Collation: 2 V(20), IV (28), III (34), V-1 (43), V (53), I+1 (56), III (62) ; catchwords present ; pagination in pencil, Western numerals, supplied during digitization (includes insert).</subfield></datafield><datafield tag="500" ind1=" " ind2=" "><subfield code="a">Title supplied by cataloguer.</subfield></datafield><datafield tag="500" ind1=" " ind2=" "><subfield code="a">Ms. composite codex.</subfield></datafield><datafield tag="505" ind1="0" ind2=" "><subfield code="a">8. p.121-p.126 : [blank].</subfield></datafield><datafield tag="505" ind1="0" ind2=" "><subfield code="a">7. p.118-p.120 : [Risālah fī al-waḍʻ].</subfield></datafield><datafield tag="505" ind1="0" ind2=" "><subfield code="a">6. p.116-p.118 : Sharḥ al-Sayyid al-Sharīf lil-qāḍī ʻAḍud al-Dīn / al-Jurjānī.</subfield></datafield><datafield tag="505" ind1="0" ind2=" "><subfield code="a">5. p.115 : [blank].</subfield></datafield><datafield tag="505" ind1="0" ind2=" "><subfield code="a">4. p.72-p.114 : [Sharḥ al-Risālah al-waḍʻīyah] / ʻAlī al-Qūshjī.</subfield></datafield><datafield tag="505" ind1="0" ind2=" "><subfield code="a">3. p.70-71 : [blank].</subfield></datafield><datafield tag="505" ind1="0" ind2=" "><subfield code="a">2. p.69 : [originally blank, now carries a listing of the author's works].</subfield></datafield><datafield tag="505" ind1="0" ind2=" "><subfield code="a">1. p.2-p.68 : ʻIṣām al-Dīn ʻalá al-Waḍʻīyah / ʻIṣām al-Dīn Ibrāhīm ibn Muḥammad al-Isfarāyīnī.</subfield></datafield><datafield tag="510" ind1="4" ind2=" "><subfield code="a">Brockelmann, C. GAL,</subfield><subfield code="c">II, 208 ; SII, 288</subfield></datafield><datafield tag="520" ind1="8" ind2=" "><subfield code="a">Fine copy of three of the principal commentaries on al-Ījī's seminal treatise in ʻilm al-waḍʻ, al-Risālah al-waḍʻīyah, namely that of ʻIṣām al-Dīn al-Isfarāʼinī (d.1537), ʻAlāʼ al-Dīn ʻAlī al-Qūshjī (Ali Kuşçu, d.1474), and ʻAlī ibn Muḥammad al-Jurjānī, al-Sayyid al-Sharīf (d.1413). Followed by a brief anonymous treatise on the same subject.</subfield></datafield><datafield tag="538" ind1=" " ind2=" "><subfield code="a">Mode of access: Internet.</subfield></datafield><datafield tag="541" ind1=" " ind2=" "><subfield code="c">Purchase ;</subfield><subfield code="a">Acquired by purchase (funds donated by Horace Rackham).</subfield><subfield code="d">1924.</subfield></datafield><datafield tag="546" ind1=" " ind2=" "><subfield code="a">Arabic.</subfield></datafield><datafield tag="561" ind1=" " ind2=" "><subfield code="a">Bookplate of British Museum, London on interior of upper cover, "British Museum, London. No. 61. Two commentaries on Al-Risalat al-wadiyah." ; circular seal impression with figure of goat/gazelle in purple ink as well as inscription "285" in Western numerals on 'title page' (p.1) ; on paper (blue-tinted) pasted on 'title page' (p.1), a detailed waqf statement in the name of al-Sayyid ʻAbd Allāh Adīb (Abdullah Edip), known as Jannatʹzādah (Cennet-zade), qāḍī of Erzurum, accompanied by his seal, reads: "وقفت وقفا صحيحا شرعيا على ان لا يخرج من بيت الكتب الملتصق بداري الا لعلماء سكنوا بارضروم بكفيل مرعى اورهن قوي وانا الفقير اليه عز شانه السيد عبد الله اديب الشهير بجنت زاده القاضي بمدينۀ ارضروم في سنة اثنى وستين ومائتين والف" ; extensive glosses ; occasional marginal corrections.</subfield></datafield><datafield tag="600" ind1="1" ind2="0"><subfield code="a">Ījī, ʻAḍud al-Dīn ʻAbd al-Raḥmān ibn Aḥmad,</subfield><subfield code="d">-1355?</subfield><subfield code="t">Risālah al-waḍʻīyah.</subfield></datafield><datafield tag="650" ind1=" " ind2="0"><subfield code="a">Manuscripts, Arabic</subfield><subfield code="z">Michigan</subfield><subfield code="z">Ann Arbor.</subfield></datafield><datafield tag="650" ind1=" " ind2="0"><subfield code="a">Language and languages</subfield><subfield code="x">Philosophy</subfield><subfield code="v">Early works to 1800.</subfield></datafield><datafield tag="650" ind1=" " ind2="0"><subfield code="a">Arabic language</subfield><subfield code="x">Semantics</subfield><subfield code="v">Early works to 1800.</subfield></datafield><datafield tag="650" ind1=" " ind2="0"><subfield code="a">Arabic philology</subfield><subfield code="v">Early works to 1800.</subfield></datafield><datafield tag="700" ind1="1" ind2=" "><subfield code="6">880-05</subfield><subfield code="a">Jurjānī, ʻAlī ibn Muḥammad,</subfield><subfield code="c">al-Sayyid al-Sharīf,</subfield><subfield code="d">1340-1413.</subfield><subfield code="t">Sharḥ al-Sayyid al-Sharīf lil-qāḍī ʻAḍud al-Dīn.</subfield></datafield><datafield tag="700" ind1="1" ind2=" "><subfield code="6">880-04</subfield><subfield code="a">Qūshjī, ʻAlī ibn Muḥammad,</subfield><subfield code="d">-1474 or 1475.</subfield><subfield code="t">Sharḥ al-Risālah al-waḍʻīyah.</subfield></datafield><datafield tag="740" ind1="0" ind2="2"><subfield code="6">880-06</subfield><subfield code="a">Risālah fī al-waḍʻ</subfield></datafield><datafield tag="740" ind1="0" ind2="2"><subfield code="a">شرح سيد الشريف للعضدية</subfield></datafield><datafield tag="740" ind1="0" ind2="2"><subfield code="a">شرح رسالۀ وضعيه لعلى القوشجى</subfield></datafield><datafield tag="773" ind1="0" ind2=" "><subfield code="a">Tiflis Collection.</subfield></datafield><datafield tag="880" ind1="0" ind2="2"><subfield code="6">740-06/</subfield><subfield code="a">رسالة في الوضع</subfield></datafield><datafield tag="880" ind1="1" ind2=" "><subfield code="6">700-05/</subfield><subfield code="a">جرجاني، علي بن محمد،</subfield><subfield code="c">السيد الشريف.</subfield><subfield code="t">شرح السيد الشريف للقاضي عضد الدين.</subfield></datafield><datafield tag="880" ind1="1" ind2=" "><subfield code="6">700-04/</subfield><subfield code="a">قوشجي، علي بن محمد.</subfield><subfield code="t">شرح الرسالة الوضعية.</subfield></datafield><datafield tag="880" ind1="1" ind2="0"><subfield code="6">245-03/</subfield><subfield code="a">[عصام الدين على الوضعية ... الخ،</subfield><subfield code="f">1113ه, 1702م].</subfield></datafield><datafield tag="880" ind1="1" ind2=" "><subfield code="6">100-01/</subfield><subfield code="a">عصام الاسفرايني، ابراهيم بن محمد.</subfield></datafield><datafield tag="CID" ind1=" " ind2=" "><subfield code="a">006492312</subfield></datafield><datafield tag="DAT" ind1="0" ind2=" "><subfield code="a">20190719102634.0</subfield><subfield code="b">20190719000000.0</subfield></datafield><datafield tag="DAT" ind1="1" ind2=" "><subfield code="a">20190719090653.0</subfield><subfield code="b">2019-07-19T16:11:01Z</subfield></datafield><datafield tag="DAT" ind1="2" ind2=" "><subfield code="a">2015-10-10T18:00:06Z</subfield></datafield><datafield tag="CAT" ind1=" " ind2=" "><subfield code="a">SDR-MIU</subfield><subfield code="d">EX LIBRIS - ALEPH</subfield><subfield code="l">prepare.pl-004-008</subfield></datafield><datafield tag="FMT" ind1=" " ind2=" "><subfield code="a">BK</subfield></datafield><datafield tag="HOL" ind1=" " ind2=" "><subfield code="0">sdr-miu006492312</subfield><subfield code="a">MiU</subfield><subfield code="b">SDR</subfield><subfield code="c">MIU</subfield><subfield code="p">mdp.39015079125483</subfield><subfield code="s">MIU</subfield><subfield code="1">006492312</subfield></datafield><datafield tag="974" ind1=" " ind2=" "><subfield code="b">MIU</subfield><subfield code="c">MIU</subfield><subfield code="d">20190719</subfield><subfield code="s">lit-dlps-dc</subfield><subfield code="u">mdp.39015079125483</subfield><subfield code="y">1702</subfield><subfield code="r">pd</subfield><subfield code="q">bib</subfield><subfield code="t">non-US bib date1 &lt; 1896</subfield></datafield></record></collection>